@article{bnj03,
author = {Blei, D. M. and Ng, A. Y. and Jordan, M. I.},
journal = {the Journal of machine Learning research},
number = {3},
pages = {993-1022},
title = {Latent dirichlet allocation},
year = {2003},
}

@article{bdvsgmg13,
author = {Boets, B. and de Beeck, H. P. O. and Vandermosten, M. and Scott, S. K. and Gillebert, C. R. and Mantini, D. and Ghesquière, P.},
journal = {Science},
number = {6163},
pages = {1251-1254},
title = {Intact but less accessible phonetic representations in adults with dyslexia},
volume = {342},
year = {2013},
}

@article{bd95,
author = {Broom, Y. M. and Doctor A. E.},
journal = {Cognitive Neuropsychology},
pages = {725-766},
title = {Developmental phonological dyslexia: A case study of the efficacy of a remediation program},
volume = {12.7},
year = {1995},
}

@article{cc93,
author = {Castles, A. and Coltheart, M.},
journal = {Cognition},
number = {2},
pages = {149-180},
title = {Varieties of developmental dyslexia},
volume = {47},
year = {1993},
}

@article{cbc06,
author = {Castles, A. and Bates, T. and Coltheart, M.},
journal = {Aphasiology},
pages = {871-892},
title = {John Marshall and the developmental dyslexias},
volume = {20.9},
year = {2006},
}

@article{c83,
author = {Coltheart, M. and Masterson, J. and Byng, S. and Prior, M. and Riddoch, J.},
journal = {Quarterly Journal of Experimental Psychology},
number = {3},
pages = {469-495},
title = {Surface dyslexia},
volume = {35},
year = {1983},
unidentified = {?},
}

@book{c96,
address = {Hove, UK},
author = {Coltheart, M.},
publisher = {Erlbaum},
title = {Phonological dyslexia},
year = {1996},
}

@article{cohen2000visual,
  title={The visual word form area Spatial and temporal characterization of an initial stage of reading in normal subjects and posterior split-brain patients},
  author={Cohen, L. and Dehaene, S. and Naccache, L. and Leh{\'e}ricy, S. and Dehaene-Lambertz, G. and H{\'e}naff, M. and Michel, F.},
  journal={Brain},
  volume={123},
  number={2},
  pages={291--307},
  year={2000},
  publisher={Oxford Univ Press}
}

@incollection{ck12,
author = {Coltheart, M. and Kohnen, S.},
booktitle = {The handbook of the neuropsychology of language},
editor = {M. Faust},
pages = {892-920},
title = {Acquired and developmental disorders of reading and spelling},
year = {2012},
}

@book{d09,
author = {Dehaene, S.},
publisher = {Penguin},
title = {Reading in the brain: The new science of how we read},
year = {2009},
}

@book{eg14,
author = {Elliott, J. G. and Grigorenko, E. L.},
publisher = {Cambridge University Press},
title = {The dyslexia debate},
year = {2014},
}

@article{fg01,
author = {Friedmann, N. and Gvion, A.},
journal = {Cognitive Neuropsychology},
pages = {673},
title = {Letter position dyslexia},
volume = {18},
year = {2001},
}

@book{fg03,
address = {Tel Aviv},
author = {Friedmann, N. and Gvion, A.},
publisher = {Tel Aviv University},
title = {TILTAN: Battery for the diagnosis of dyslexias in Hebrew},
year = {2003},
}

@incollection{fc15,
author = {Friedmann, N., and Coltheart, M.},
title = {Types of developmental dyslexia},
editor = {A. Bar-On, and D. Ravid},
booktitle = {Handbook of communication disorders: Theoretical, empirical, and applied linguistics perspectives},
publisher = {Berlin, Boston: De Gruyter Mouton},
year = {in press},
}

@article{grggvfb02,
author = {Georgiewa, P. and Rzanny, R. and Gaser, C. and Gerhard, U. J. and Vieweg, U. and Freesmeyer, D. and Blanz, B.},
journal = {Neuroscience letters},
number = {1},
pages = {5-8},
title = {Phonological processing in dyslexic children: a study combining functional imaging and event related potentials},
volume = {318},
year = {2002},
}

@inproceedings{gs04,
address = {5228-5235},
author = {Griffiths, T. L. and Steyvers, M.},
booktitle = {Proceedings of the National Academy of Sciences},
publisher = {101 (suppl. 1)},
title = {Finding scientific topics},
year = {2004},
}

@article{jct03,
author = {Jobard, G. and Crivello, F. and Tzourio-Mazoyer, N.},
journal = {Neuroimage},
number = {2},
pages = {693-712},
title = {Evaluation of the dual route theory of reading: a metanalysis of 35 neuroimaging studies},
volume = {20},
year = {2003},
}

@article{kf11,
author = {Khentov-Kraus, L. and Friedmann, N.},
journal = {Language and Brain},
pages = {65-106},
title = {Dyslexia in vowel letters (DIVL)},
volume = {10},
year = {2011},
}

@article{lit92,
author = {Langley, P. and Iba, W. and Thompson, K.},
pages = {223-228},
title = {An analysis of {B}ayesian classifiers.{\it AAAI}},
volume = {90},
year = {1992},
}

@article{lptbadc09,
author = {Levy, J. and Pernet, C. and Treserras, S. and Boulanouar, K. and Aubry, F. and Démonet, J. F. and Celsis, P.},
journal = {PLoS One},
number = {8},
pages = {6675},
title = {Testing for the dual-route cascade reading model in the brain: an fMRI effective connectivity account of an efficient reading style},
volume = {4},
year = {2009},
}

@article{mn73,
author = {Marshall, J. C. and Newcombe, F.},
journal = {Journal of psycholinguistic research},
number = {3},
pages = {175-199},
title = {Patterns of paralexia: A psycholinguistic approach},
volume = {2},
year = {1973},
}

@inproceedings{ml02,
author = {Minka, T. and Lafferty, J.},
booktitle = {In Proceedings of the Eighteenth conference on Uncertainty in artificial intelligence},
pages = {352-359},
title = {Expectation-propagation for the generative aspect model},
year = {2002},
}

@phdthesis{p07,
author = {Pedler, J.},
school = {Birkbeck, University of London},
title = {Computer correction of real-word spelling errors in dyslexic text},
year = {2007},
}

@article{p06,
author = {Pennington, B. F.},
journal = {Cognition},
number = {2},
pages = {385-413},
title = {From single to multiple deficit models of developmental disorders},
volume = {101},
year = {2006},
}

@article{plljbrak12,
author = {Pennington, B. F. and Santerre Lemmon and L., Rosenberg and J., MacDonald and B., Boada and R., Friend and A., Olson and R. K.},
journal = {Journal of abnormal psychology},
number = {1},
pages = {212},
title = {Individual prediction of dyslexia by single versus multiple deficit models},
volume = {121},
year = {2012},
}

@article{price2012review,
  title={A review and synthesis of the first 20years of PET and fMRI studies of heard speech, spoken language and reading},
  author={Price, C. J.},
  journal={Neuroimage},
  volume={62},
  number={2},
  pages={816--847},
  year={2012},
  publisher={Elsevier}
}

@article{rrddcw03,
author = {Ramus, F. and Rosen, S. and Dakin, S. C. and Day, B. L. and Castellote, J. M. and White, S.},
journal = {Brain},
pages = {841-865},
title = {Theories of developmental dyslexia: insights from a multiple case sudty of dyslexic adults},
volume = {126.4},
year = {2003},
}

@article{rs08,
author = {Ramus, F. and Szenkovits, G.},
journal = {The Quarterly Journal of Experimental Psychology},
number = {1},
pages = {129-141},
title = {What phonological deficit?},
volume = {61},
year = {2008},
}

@article{r14,
author = {Ramus, F.},
journal = {Trends in cognitive sciences},
number = {6},
pages = {274-275},
title = {Neuroimaging sheds new light on the phonological deficit in dyslexia},
volume = {18},
year = {2014},
}

@article{rbl14,
author = {Rello, L. and Baeza-Yates, R. and Llisterri, DysList, J.},
journal = {In Proceedings LREC},
pages = {26-31},
title = {An Annotated Resource of Dyslexic Errors},
year = {2014},
}

@inproceedings{rgss04,
author = {Rosen-Zvi, M. and Griffiths, T. and Steyvers, M. and Smyth, P.},
booktitle = {In Proceedings of the 20th conference on Uncertainty in artificial intelligence},
pages = {487-494},
title = {The author-topic model for authors and documents},
year = {2004},
}

@ARTICLE{rp14,
  
 AUTHOR={Robidoux, S.  and  Pritchard, S.},   
	 
TITLE={Hierarchical Clustering Analysis of Reading Aloud Data: A New Technique for Evaluating the Performance of Computational Models},      
	
JOURNAL={Frontiers in Psychology},      
	
VOLUME={5},      
	
YEAR={2014},      
	
NUMBER={267},     
  
}

@article{sc98,
author = {Saffran, E. M. and Coslett, H. B.},
journal = {Cognitive Neuropsychology},
number = {1-2},
pages = {141-165},
title = {Implicit vs. letter-by-letter reading in pure alexia: A tale of two systems},
volume = {15},
year = {1998},
unidentified = {?},
}

@article{sw77,
author = {Shallice, T. and Warrington, E. K.},
journal = {Neuropsychologia},
pages = {31-41},
title = {The possible role of selective attention in acquired dyslexia},
volume = {15},
year = {1977},
}

@article{ss05,
author = {Shaywitz, S. E. and Shaywitz, B. A.},
journal = {Biological psychiatry},
number = {11},
pages = {1301-1309},
title = {Dyslexia (specific reading disability)},
volume = {57},
year = {2005},
}

@article{s98,
author = {Snowling, M. J.},
journal = {Child and Adolescent Mental Health},
pages = {4-11},
title = {Dyslexia as a Phonological Deficit: Evidence and Implication},
volume = {3},
year = {1998},
}

@book{s00,
author = {Snowling, M. J.},
publisher = {Blackwell Publishing},
title = {Dyslexia},
year = {2000},
}

@article{s01,
author = {Stein, J.},
journal = {Dyslexia},
pages = {12-36},
title = {The magnocellular theory of developmental dyslexia},
volume = {7},
year = {2001},
}

@article{vba10,
author = {Vallar, G. and Burani, C. and Arduino, L. S.},
journal = {Experimental Brain Research},
number = {2},
pages = {219-235},
title = {Neglect dyslexia: a review of the neuropsychological literature},
volume = {206},
year = {2010},
unidentified = {?},
}

@article{vgpsh13,
author = {van Ermingen-Marbach, M. and Grande, M. and Pape-Neumann, J. and Sass, K. and Heim, S.},
journal = {NeuroImage: Clinical},
pages = {477-490},
title = {Distinct neural signatures of cognitive subtypes of dyslexia with and without phonological deficits},
volume = {2},
year = {2013},
}

@article{wmm09,
author = {Wallach, H. M. and Minmo, D. and McCallum, A.},
journal = {Neural Information Processing Systems},
pages = {1973-1981},
title = {Rethinking LDA: Why priors matter},
year = {2009},
}

@article{Baddeley1966,
  title={Short-term memory for word sequences as a function of acoustic, semantic and formal similarity},
  author={Baddeley, Alan D},
  journal={The Quarterly Journal of Experimental Psychology},
  volume={18},
  number={4},
  pages={362--365},
  year={1966},
  publisher={Taylor \& Francis}
}

@article{Baddeley2012,
  title={Working memory: theories, models, and controversies},
  author={Baddeley, Alan},
  journal={Annual review of psychology},
  volume={63},
  pages={1--29},
  year={2012},
  publisher={Annual Reviews}
}

@article{Bailey2005,
author = {Bailey, Todd M. and Hahn, Ulrike},
doi = {10.1016/j.jml.2004.12.003},
isbn = {0749-596X},
issn = {0749596X},
journal = {Journal of Memory and Language},
keywords = {Auditory confusion,Magnitude estimation,Phoneme confusability,Phoneme similarity,Phonolo gical features,Speech errors},
number = {3},
pages = {347--370},
title = {Phoneme similarity and confusability},
volume = {52},
year = {2005}
}

@article{Buchsbaum2015,
  title={Distributed neural representations of phonological features during speech perception},
  author={Arsenault, Jessica S and Buchsbaum, Bradley R},
  journal={The Journal of Neuroscience},
  volume={35},
  number={2},
  pages={634--642},
  year={2015},
  publisher={Soc Neuroscience}
}

@article{Chang2013,
  title={Functional organization of human sensorimotor cortex for speech articulation},
  author={Bouchard, Kristofer E and Mesgarani, Nima and Johnson, Keith and Chang, Edward F},
  journal={Nature},
  volume={495},
  number={7441},
  pages={327--332},
  year={2013},
  publisher={Nature Publishing Group}
}

@article{Chechik2010,
  title={Large scale online learning of image similarity through ranking},
  author={Chechik, Gal and Sharma, Varun and Shalit, Uri and Bengio, Samy},
  journal={The Journal of Machine Learning Research},
  volume={11},
  pages={1109--1135},
  year={2010},
  publisher={JMLR. org}
}

@book{ChomskyHalle1968,
 author = {Chomsky, Noam and Halle, Morris},
 title = {The Sound Pattern of English},
 year = {1968},
 Publisher = {New York: Harper and Row}
}
@article{clements1985,
  title={The geometry of phonological features},
  author={Clements, George N},
  journal={Phonology},
  volume={2},
  number={01},
  pages={225--252},
  year={1985},
  publisher={Cambridge Univ Press}
}
@phdthesis{Cohen2009,
  title={The role of similarity in phonology: Evidence from loanword adaptation in Hebrew},
  author={Cohen, Evan Gary},
  year={2009},
  school={Tel Aviv University}
}
@incollection{Cohen2010,
  title={Predicting Adaptation Patterns: Multiple Sources of Hebrew Vowels in English Loanwords},
  author={Cohen, Evan Gary},
  booktitle={Nicht-native Einheiten und Strukturen. Strategien der Integration und Isolation in der Sprache},
  pages={51--63},
  year={2010},
  publisher={Niemeyer T{\"u}bingen}
}

@article{Dewitt2012,
  title={Phoneme and word recognition in the auditory ventral stream},
  author={DeWitt, Iain and Rauschecker, Josef P},
  journal={Proceedings of the National Academy of Sciences},
  volume={109},
  number={8},
  pages={E505--E514},
  year={2012},
  publisher={National Acad Sciences}
}

@article{Ennis1988,
  title={A multidimensional stochastic theory of similarity},
  author={Ennis, Daniel M and Palen, Joseph J and Mullen, Kenneth},
  journal={Journal of Mathematical Psychology},
  volume={32},
  number={4},
  pages={449--465},
  year={1988},
  publisher={Elsevier}
}

@article{Frisch1997,
author = {Frisch, Stefan},
issn = {04194209},
journal = {Dissertation},
pages = {1--190},
title = {Similarity and Frequency in Phonology},
year = {1997}
}

@book{Fromkin1984,
  title={Speech errors as linguistic evidence},
  author={Fromkin, Victoria A},
  volume={77},
  year={1984},
  publisher={Walter de Gruyter}
}

@article{Gvion2010,
  title={Dyscravia: Voicing substitution dysgraphia},
  author={Gvion, Aviah and Friedmann, Naama},
  journal={Neuropsychologia},
  volume={48},
  number={7},
  pages={1935--1947},
  year={2010},
  publisher={Elsevier}
}

@unpublished{Gvion2012,
  title={Nasalexia: when bat xen becomes man xed, and marak taim becomes barak naim},
  author={Gvion, Aviah and Friedmann, Naama},
  year={2012},
  note={Presented at the 48th annual conference of the Israeli Speech Hearing and Language Association, Tel Aviv},
}

@article{Hahn2005,
  title={What makes words sound similar?},
  author={Hahn, Ulrike and Bailey, Todd M},
  journal={Cognition},
  volume={97},
  number={3},
  pages={227--267},
  year={2005},
  publisher={Elsevier}
}

@article{Johnson2004,
  title={Acoustic and auditory phonetics},
  author={Johnson, Keith},
  journal={Phonetica},
  volume={61},
  number={1},
  pages={56--58},
  year={2004},
  publisher={Karger Publishers}
}

@article{Kulis2012,
  title={Metric learning: A survey},
  author={Kulis, Brian},
  journal={Foundations and Trends in Machine Learning},
  volume={5},
  number={4},
  pages={287--364},
  year={2012}
}

@article{Tversky1977,
  title={Features of similarity.},
  author={Tversky, Amos},
  journal={Psychological review},
  volume={84},
  number={4},
  pages={327},
  year={1977},
  publisher={American Psychological Association}
}

@article{kruskal1964,
  title={Multidimensional scaling by optimizing goodness of fit to a nonmetric hypothesis},
  author={Kruskal, Joseph B},
  journal={Psychometrika},
  volume={29},
  number={1},
  pages={1--27},
  year={1964},
  publisher={Springer}
}

@article{Laufer1998,
  title={Voicing in contemporary Hebrew in comparison with other languages},
  author={Laufer, Asher},
  journal={Hebrew Studies},
  pages={143--179},
  year={1998},
  publisher={JSTOR}
}

@article{Luce1987,
author = {Luce, Paul A},
isbn = {6},
issn = {04194217},
journal = {Dissertation Abstracts International, B: Sciences and Engineering},
number = {12},
title = {Neighborhoods of Words in the Mental Lexicon},
volume = {47},
year = {1987}
}
@article{McCarthy1988,
author = {McCarthy, John J.},
doi = {10.1159/000261820},
issn = {1423-0321},
journal = {Phonetica},
language = {english},
number = {2-4},
pages = {84--108},
publisher = {Karger Publishers},
title = {Feature Geometry and Dependency: A Review},
volume = {45},
year = {1988}
}

@article{Mesgarani2014,
  title={Phonetic feature encoding in human superior temporal gyrus},
  author={Mesgarani, Nima and Cheung, Connie and Johnson, Keith and Chang, Edward F},
  journal={Science},
  volume={343},
  number={6174},
  pages={1006--1010},
  year={2014},
  publisher={American Association for the Advancement of Science}
}

@book{mielke2008emergence,
  title={The emergence of distinctive features},
  author={Mielke, Jeff},
  year={2008},
  publisher={Oxford University Press}
}

@article{Mielke2012,
  title={A phonetically based metric of sound similarity},
  author={Mielke, Jeff},
  journal={Lingua},
  volume={122},
  number={2},
  pages={145--163},
  year={2012},
  publisher={Elsevier}
}

@article{NicelyMiller1955,
  title={An analysis of perceptual confusions among some English consonants},
  author={Miller, George A and Nicely, Patricia E},
  journal={The Journal of the Acoustical Society of America},
  volume={27},
  number={2},
  pages={338--352},
  year={1955},
  publisher={Acoustical Society of America}
}
@inproceedings{Pierrehumbert1993,
  title={Dissimilarity in the Arabic verbal roots},
  author={Pierrehumbert, Janet},
  booktitle={Proceedings of NELS},
  volume={23},
  pages={367--381},
  year={1993}
}

@article{Redford1999,
  title={The relative perceptual distinctiveness of initial and final consonants in CVC syllables},
  author={Redford, Melissa A and Diehl, Randy L},
  journal={The Journal of the Acoustical Society of America},
  volume={106},
  number={3},
  pages={1555--1565},
  year={1999},
  publisher={Acoustical Society of America}
}

@article{Shepard1987,
  title={Toward a universal law of generalization for psychological science},
  author={Shepard, Roger N},
  journal={Science},
  volume={237},
  number={4820},
  pages={1317--1323},
  year={1987},
  publisher={American Association for the Advancement of Science}
}

@article{Shepard1980,
  title={Multidimensional scaling, tree-fitting, and clustering},
  author={Shepard, Roger N},
  journal={Science},
  volume={210},
  number={4468},
  pages={390--398},
  year={1980}
}

@article{Shepard1974,
author = {Shepard, Roger N.},
doi = {10.1007/BF02291665},
issn = {0033-3123},
journal = {Psychometrika},
month = dec,
number = {4},
pages = {373--421},
title = {Representation of structure in similarity data: Problems and prospects},
volume = {39},
year = {1974}
}
@article{Shepard1962,
author = {Shepard, Roger N.},
doi = {10.1007/BF02289630},
issn = {0033-3123},
journal = {Psychometrika},
month = jun,
number = {2},
pages = {125--140},
title = {The analysis of proximities: Multidimensional scaling with an unknown distance function. I.},
volume = {27},
year = {1962}
}

@article{Tibshirani1996,
  title={Regression shrinkage and selection via the lasso},
  author={Tibshirani, Robert},
  journal={Journal of the Royal Statistical Society. Series B (Methodological)},
  pages={267--288},
  year={1996},
  publisher={JSTOR}
}

@article{Wickelgren1965,
author = {Wickelgren, Wayne A.},
doi = {10.1121/1.1909750},
issn = {00014966},
journal = {The Journal of the Acoustical Society of America},
month = jul,
number = {4},
pages = {583},
publisher = {Acoustical Society of America},
title = {Distinctive Features and Errors in Short-Term Memory for English Vowels},
volume = {38},
year = {1965}
}
@article{Wickelgren,
author = {Wickelgren, Wayne A.},
title = {Acoustic similarity and intrusion errors in short-term memory.}
}

@article{Wickelgren1966,
author = {Wickelgren, Wayne A.},
doi = {10.1121/1.1909900},
issn = {00014966},
journal = {The Journal of the Acoustical Society of America},
month = jul,
number = {2},
pages = {388},
publisher = {Acoustical Society of America},
title = {Distinctive Features and Errors in Short-Term Memory for English Consonants},
volume = {39},
year = {1966}
}

@article{bouchard2013functional,
  title={Functional organization of human sensorimotor cortex for speech articulation},
  author={Bouchard, Kristofer E and Mesgarani, Nima and Johnson, Keith and Chang, Edward F},
  journal={Nature},
  volume={495},
  number={7441},
  pages={327--332},
  year={2013},
  publisher={Nature Research}
}

@article{cheung2016auditory,
  title={The auditory representation of speech sounds in human motor cortex},
  author={Cheung, Connie and Hamilton, Liberty S and Johnson, Keith and Chang, Edward F},
  journal={Elife},
  volume={5},
  pages={e12577},
  year={2016},
  publisher={eLife Sciences Publications Limited}
}

@article{khalighinejad2017dynamic,
  title={Dynamic Encoding of Acoustic Features in Neural Responses to Continuous Speech},
  author={Khalighinejad, Bahar and da Silva, Guilherme Cruzatto and Mesgarani, Nima},
  journal={Journal of Neuroscience},
  volume={37},
  number={8},
  pages={2176--2185},
  year={2017},
  publisher={Soc Neuroscience}
}

@article{liberman1967perception,
  title={Perception of the speech code.},
  author={Liberman, Alvin M and Cooper, Franklin S and Shankweiler, Donald P and Studdert-Kennedy, Michael},
  journal={Psychological review},
  volume={74},
  number={6},
  pages={431},
  year={1967},
  publisher={American Psychological Association}
}

@article{mukamel2012human,
  title={Human intracranial recordings and cognitive neuroscience},
  author={Mukamel, Roy and Fried, Itzhak},
  journal={Annual review of psychology},
  volume={63},
  pages={511--537},
  year={2012},
  publisher={Annual Reviews}
}

@article{fried1999cerebral,
  title={Cerebral microdialysis combined with single-neuron and electroencephalographic recording in neurosurgical patients},
  author={Fried, Itzhak and Wilson, Charles L and Maidment, Nigel T and Engel Jr, Jerome and Behnke, Eric and Fields, Tony A and Macdonald, Katherine A and Morrow, Jack W and Ackerson, Larry},
  journal={Journal of neurosurgery},
  volume={91},
  number={4},
  pages={697--705},
  year={1999},
  publisher={Journal of Neurosurgery Publishing Group}
}

@article{quiroga2004unsupervised,
  title={Unsupervised spike detection and sorting with wavelets and superparamagnetic clustering},
  author={Quiroga, R Quian and Nadasdy, Zoltan and Ben-Shaul, Yoram},
  journal={Neural computation},
  volume={16},
  number={8},
  pages={1661--1687},
  year={2004},
  publisher={MIT Press}
}

@article{quiroga2005invariant,
  title={Invariant visual representation by single neurons in the human brain},
  author={Quiroga, R Quian and Reddy, Leila and Kreiman, Gabriel and Koch, Christof and Fried, Itzhak},
  journal={Nature},
  volume={435},
  number={7045},
  pages={1102--1107},
  year={2005},
  publisher={Nature Publishing Group}
}

@article{liberman1985motor,
  title={The motor theory of speech perception revised},
  author={Liberman, Alvin M and Mattingly, Ignatius G},
  journal={Cognition},
  volume={21},
  number={1},
  pages={1--36},
  year={1985},
  publisher={Elsevier}
}

@article{stevens2002toward,
  title={Toward a model for lexical access based on acoustic landmarks and distinctive features},
  author={Stevens, Kenneth N},
  journal={The Journal of the Acoustical Society of America},
  volume={111},
  number={4},
  pages={1872--1891},
  year={2002},
  publisher={ASA}
}

@article{bergman1990auditory,
  title={Auditory scene analysis},
  author={Bergman, Albert},
  journal={The perceptual organisation of sound},
  year={1990}
}

@book{schnupp2011auditory,
  title={Auditory neuroscience: Making sense of sound},
  author={Schnupp, Jan and Nelken, Israel and King, Andrew},
  year={2011},
  publisher={MIT press}
}

@article{chan2013speech,
  title={Speech-specific tuning of neurons in human superior temporal gyrus},
  author={Chan, Alexander M and Dykstra, Andrew R and Jayaram, Vinay and Leonard, Matthew K and Travis, Katherine E and Gygi, Brian and Baker, Janet M and Eskandar, Emad and Hochberg, Leigh R and Halgren, Eric and others},
  journal={Cerebral Cortex},
  volume={24},
  number={10},
  pages={2679--2693},
  year={2013},
  publisher={Oxford University Press}
}

@article{creutzfeldt1989neuronal,
  title={Neuronal activity in the human lateral temporal lobe},
  author={Creutzfeldt, Ojemann and Ojemann, George and Lettich, Ettore},
  journal={Experimental Brain Research},
  volume={77},
  number={3},
  pages={451--475},
  year={1989},
  publisher={Springer}
}

@incollection{libet1973electrical,
  title={Electrical stimulation of cortex in human subjects, and conscious sensory aspects},
  author={Libet, Benjamin},
  booktitle={Somatosensory system},
  pages={743--790},
  year={1973},
  publisher={Springer}
}

@article{marg1967indwelling,
  title={Indwelling multiple micro-electrodes in the brain},
  author={Marg, Elwin and Adams, John E},
  journal={Electroencephalography and clinical neurophysiology},
  volume={23},
  number={3},
  pages={277--280},
  year={1967},
  publisher={Elsevier}
}

@article{cash2015emergence,
  title={The emergence of single neurons in clinical neurology},
  author={Cash, Sydney S and Hochberg, Leigh R},
  journal={Neuron},
  volume={86},
  number={1},
  pages={79--91},
  year={2015},
  publisher={Elsevier}
}

@article{heit1988neural,
  title={Neural encoding of individual words and faces by the human hippocampus and amygdala},
  author={Heit, Gary and Smith, Michael E and Halgren, Eric},
  journal={Nature},
  volume={333},
  number={6175},
  pages={773--775},
  year={1988},
  publisher={Springer}
}

@article{ojemann1988neuronal,
  title={Neuronal activity in human lateral temporal cortex related to short-term verbal memory, naming and reading},
  author={Ojemann, GEORGE A and CREUTZFELDT, OTTO and LETTICH, ETTORE and HAGLUND, MICHAEL M},
  journal={Brain},
  volume={111},
  number={6},
  pages={1383--1403},
  year={1988},
  publisher={Oxford University Press}
}

@article{engel2005invasive,
  title={Invasive recordings from the human brain: clinical insights and beyond},
  author={Engel, Andreas K and Moll, Christian KE and Fried, Itzhak and Ojemann, George A},
  journal={Nature reviews. Neuroscience},
  volume={6},
  number={1},
  pages={35},
  year={2005},
  publisher={Nature Publishing Group}
}

@article{tankus2012structured,
  title={Structured neuronal encoding and decoding of human speech features},
  author={Tankus, Ariel and Fried, Itzhak and Shoham, Shy},
  journal={Nature communications},
  volume={3},
  pages={1015},
  year={2012},
  publisher={NIH Public Access}
}

@article{fried1981language,
  title={Language-related potentials specific to human language cortex},
  author={Fried, Itzhak and Ojemann, George A and Fetz, Eberhard E},
  journal={Science},
  volume={212},
  number={4492},
  pages={353--356},
  year={1981},
  publisher={American Association for the Advancement of Science}
}

@article{browman1992articulatory,
  title={Articulatory phonology: An overview},
  author={Browman, Catherine P and Goldstein, Louis},
  journal={Phonetica},
  volume={49},
  number={3-4},
  pages={155--180},
  year={1992},
  publisher={Karger Publishers}
}

@article{mesgarani2008phoneme,
  title={Phoneme representation and classification in primary auditory cortex},
  author={Mesgarani, Nima and David, Stephen V and Fritz, Jonathan B and Shamma, Shihab A},
  journal={The Journal of the Acoustical Society of America},
  volume={123},
  number={2},
  pages={899--909},
  year={2008},
  publisher={ASA}
}

@book{binder2016phoneme,
  title={Phoneme perception},
  author={Binder, Jeffrey R},
  year={2016},
  publisher={Academic Press London (UK)}
}

@article{stevens1972quantal,
  title={The quantal nature of speech: Evidence from articulatory-acoustic data},
  author={Stevens, Kenneth N},
  year={1972},
  publisher={McGraw-Hill}
}

@article{stevens1989quantal,
  title={On the quantal nature of speech},
  author={Stevens, Kenneth N},
  journal={Journal of phonetics},
  volume={17},
  number={1},
  pages={3--45},
  year={1989}
}

@article{jakobson1951preliminaries,
  title={Preliminaries to speech analysis: The distinctive features and their correlates},
  author={Jakobson, Roman and Fant, C Gunnar and Halle, Morris},
  year={1951},
  publisher={MIT press}
}

@article{engineer2008cortical,
  title={Cortical activity patterns predict speech discrimination ability},
  author={Engineer, Crystal T and Perez, Claudia A and Chen, YeTing H and Carraway, Ryan S and Reed, Amanda C and Shetake, Jai A and Jakkamsetti, Vikram and Chang, Kevin Q and Kilgard, Michael P},
  journal={Nature neuroscience},
  volume={11},
  number={5},
  pages={603--608},
  year={2008},
  publisher={Nature Publishing Group}
}

@article{binder2000human,
  title={Human temporal lobe activation by speech and nonspeech sounds},
  author={Binder, Jeffrey R and Frost, Julie A and Hammeke, Thomas A and Bellgowan, Patrick SF and Springer, Jane A and Kaufman, Jackie N and Possing, Edward T},
  journal={Cerebral cortex},
  volume={10},
  number={5},
  pages={512--528},
  year={2000},
  publisher={Oxford University Press}
}

@article{formisano2008saying,
  title={" Who" is saying" what"? brain-based decoding of human voice and speech},
  author={Formisano, Elia and De Martino, Federico and Bonte, Milene and Goebel, Rainer},
  journal={Science},
  volume={322},
  number={5903},
  pages={970--973},
  year={2008},
  publisher={American Association for the Advancement of Science}
}

@article{liebenthal2005neural,
  title={Neural substrates of phonemic perception},
  author={Liebenthal, Einat and Binder, Jeffrey R and Spitzer, Stephanie M and Possing, Edward T and Medler, David A},
  journal={Cerebral cortex},
  volume={15},
  number={10},
  pages={1621--1631},
  year={2005},
  publisher={Oxford University Press}
}

@article{liebenthal2010specialization,
  title={Specialization along the left superior temporal sulcus for auditory categorization},
  author={Liebenthal, Einat and Desai, Rutvik and Ellingson, Michael M and Ramachandran, Brinda and Desai, Anjali and Binder, Jeffrey R},
  journal={Cerebral Cortex},
  volume={20},
  number={12},
  pages={2958--2970},
  year={2010},
  publisher={Oxford University Press}
}

@article{dehaene2005neural,
  title={Neural correlates of switching from auditory to speech perception},
  author={Dehaene-Lambertz, Ghislaine and Pallier, Christophe and Serniclaes, Willy and Sprenger-Charolles, Liliane and Jobert, Antoinette and Dehaene, Stanislas},
  journal={Neuroimage},
  volume={24},
  number={1},
  pages={21--33},
  year={2005},
  publisher={Elsevier}
}

@article{mottonen2006perceiving,
  title={Perceiving identical sounds as speech or non-speech modulates activity in the left posterior superior temporal sulcus},
  author={M{\"o}tt{\"o}nen, Riikka and Calvert, Gemma A and J{\"a}{\"a}skel{\"a}inen, Iiro P and Matthews, Paul M and Thesen, Thomas and Tuomainen, Jyrki and Sams, Mikko},
  journal={Neuroimage},
  volume={30},
  number={2},
  pages={563--569},
  year={2006},
  publisher={Elsevier}
}

@article{desai2008left,
  title={Left posterior temporal regions are sensitive to auditory categorization},
  author={Desai, Rutvik and Liebenthal, Einat and Waldron, Eric and Binder, Jeffrey R},
  journal={Journal of Cognitive Neuroscience},
  volume={20},
  number={7},
  pages={1174--1188},
  year={2008},
  publisher={MIT Press}
}

@article{canolty2007spatiotemporal,
  title={Spatiotemporal dynamics of word processing in the human brain},
  author={Canolty, Ryan T and Soltani, Maryam and Dalal, Sarang S and Edwards, Erik and Dronkers, Nina F and Nagarajan, Srikantan S and Kirsch, Heidi E and Barbaro, Nicholas M and Knight, Robert T},
  journal={Frontiers in neuroscience},
  volume={1},
  number={1},
  pages={185},
  year={2007},
  publisher={Frontiers Media SA}
}

@article{pasley2012reconstructing,
  title={Reconstructing speech from human auditory cortex},
  author={Pasley, Brian N and David, Stephen V and Mesgarani, Nima and Flinker, Adeen and Shamma, Shihab A and Crone, Nathan E and Knight, Robert T and Chang, Edward F},
  journal={PLoS biology},
  volume={10},
  number={1},
  pages={e1001251},
  year={2012},
  publisher={Public Library of Science}
}

@article{ossmy2015decoding,
  title={Decoding speech perception from single cell activity in humans},
  author={Ossmy, Ori and Fried, Itzhak and Mukamel, Roy},
  journal={NeuroImage},
  volume={117},
  pages={151--159},
  year={2015},
  publisher={Elsevier}
}

@book{jakobson1968child,
  title={Child language, aphasia and phonological universals},
  author={Jakobson, Roman},
  volume={72},
  year={1968},
  publisher={Walter de Gruyter GmbH \& Co KG}
}

@article{cutler2004patterns,
  title={Patterns of English phoneme confusions by native and non-native listeners},
  author={Cutler, Anne and Weber, Andrea and Smits, Roel and Cooper, Nicole},
  journal={The Journal of the Acoustical Society of America},
  volume={116},
  number={6},
  pages={3668--3678},
  year={2004},
  publisher={ASA}
}

@article{redford1999relative,
  title={The relative perceptual distinctiveness of initial and final consonants in CVC syllables},
  author={Redford, Melissa A and Diehl, Randy L},
  journal={The Journal of the Acoustical Society of America},
  volume={106},
  number={3},
  pages={1555--1565},
  year={1999},
  publisher={ASA}
}

@article{hura1992role,
  title={On the role of perception in shaping phonological assimilation rules},
  author={Hura, Susan L and Lindblom, Bj{\"o}rn and Diehl, Randy L},
  journal={Language and Speech},
  volume={35},
  number={1-2},
  pages={59--72},
  year={1992},
  publisher={SAGE Publications Sage UK: London, England}
}

@article{kingston1994phonetic,
  title={Phonetic knowledge},
  author={Kingston, John and Diehl, Randy L},
  journal={Language},
  pages={419--454},
  year={1994},
  publisher={JSTOR}
}

@article{lahiri2002underspecified,
  title={Underspecified recognition},
  author={Lahiri, Aditi and Reetz, Henning},
  journal={Laboratory phonology},
  volume={7},
  pages={637--675},
  year={2002}
}

@article{lahiri2010distinctive,
  title={Distinctive features: Phonological underspecification in representation and processing},
  author={Lahiri, Aditi and Reetz, Henning},
  journal={Journal of Phonetics},
  volume={38},
  number={1},
  pages={44--59},
  year={2010},
  publisher={Elsevier}
}

@article{kuhl1991human,
  title={Human adults and human infants show a “perceptual magnet effect” for the prototypes of speech categories, monkeys do not},
  author={Kuhl, Patricia K},
  journal={Attention, Perception, \& Psychophysics},
  volume={50},
  number={2},
  pages={93--107},
  year={1991},
  publisher={Springer}
}

@article{stevens1989primary,
  title={Primary features and their enhancement in consonants},
  author={Stevens, Kenneth N and Keyser, Samuel Jay},
  journal={Language},
  pages={81--106},
  year={1989},
  publisher={JSTOR}
}

@article{friedmann2001letter,
  title={Letter position dyslexia},
  author={Friedmann, Naama and Gvion, Aviah},
  journal={Cognitive Neuropsychology},
  volume={18},
  number={8},
  pages={673--696},
  year={2001},
  publisher={Taylor \& Francis}
}

@article{friedmann2005letter,
  title={Letter form as a constraint for errors in neglect dyslexia and letter position dyslexia},
  author={Friedmann, Naama and Gvion, Aviah},
  journal={Behavioural Neurology},
  volume={16},
  number={2-3},
  pages={145--158},
  year={2005},
  publisher={Hindawi Publishing Corporation}
}

@article{grodzinsky2014neural,
  title={The neural code that makes us human},
  author={Grodzinsky, Yosef and Nelken, Israel},
  journal={science},
  volume={343},
  number={6174},
  pages={978--979},
  year={2014},
  publisher={American Association for the Advancement of Science}
}

@article{cooper1952some,
  title={Some experiments on the perception of synthetic speech sounds},
  author={Cooper, Franklin S and Delattre, Pierre C and Liberman, Alvin M and Borst, John M and Gerstman, Louis J},
  journal={The Journal of the Acoustical Society of America},
  volume={24},
  number={6},
  pages={597--606},
  year={1952},
  publisher={ASA}
}
